@book{bezerra02,
  author    = {Eduardo Bezerra},
  publisher = {Campus},
  title     = {{Princípios de análise e projeto de sistemas com UML}},
  year      = {2002}
}

@book{lamport94,
  author    = {Lamport, L. and others},
  publisher = {Addison-Wesley, Reading, Massachusetts,},
  title     = {{La T E X: A Document Preparation System}},
  year      = {1994}
}
