@article{knuth74,
    author = {Knuth, Donald E.},
    title = {Computer Programming As an Art},
    journal = {Commun. ACM},
    year = {1974},
    pages = {667--673},
    numpages = {7},
    publisher = {ACM},
    address = {New York, NY, USA}
}

@article{knuth92,
    author = {Knuth, Donald E.},
    title = {Two notes on notation},
    journal = {Amer. Math. Monthly},
    volume = {99},
    year = {1992},
    pages = {403--422}
}

@book{lamport94,
    title = {LaTeX: A Document Preparation System},
    author = {Lamport, Leslie},
    year = {1994},
    publisher = {Pearson Education India}
}


@book{bezerra02,
  author    = {Eduardo Bezerra},
  keywords  = {basica},
  publisher = {Campus},
  title     = {{Princ{\'\i}pios de an{\'a}lise e projeto de sistemas com UML}},
  year      = {2002}
}

@book{schildt,
  author        = {Herbert Schildt},
  keywords  = {complementar},
  title         = {Java para iniciantes: crie, compile e execute programas Java rapidamente},
  publisher     = {Bookman},
  url = {https://app.minhabiblioteca.com.br/#/books/9788582603376},
  urldate        = {2023-12-07},
  isbn           = {9788582603376},
  year          = {2015}
}

@book{cornell10,
  author    = {Cay S. Horstmann and Gary Cornell},
  edition   = {8},
  publisher = {Pearson},
  keywords  = {basica},
  title     = {{Core Java -- Volume I -- Fundamentos}},
  year      = {2010}
}

@book{craig,
  author    = {Craig Larman},
  note      = {\url{https://app.minhabiblioteca.com.br/books/9788577800476/}},
  publisher = {Bookman},
  keywords  = {complementar},
  title     = {Utilizando UML e padr√µes},
  year      = {2007}
}

@book{deitel03,
  author    = {Deitel, H.M. and Deitel, P.J.},
  edition   = {8},
  keywords  = {complementar},
  publisher = {Prentice Hall},
  title     = {{Java Como Programar}},
  year      = {2010}
}

@book{jacobson92,
  author    = {Ivar Jacbson and Magnus Christerson and Patrik Jonsson and Gunnar Overgaard},
  publisher = {Addison-Wesley},
  title     = {{Object-oriented software engineering: a use case driven approach}},
  year      = {1992}
}

@book{pressman,
  author    = {Roger S. Pressman},

  note      = {\url{https://app.minhabiblioteca.com.br/books/9788580555349/}},
  publisher = {Bookman},
  title     = {Engenharia de Software: uma abordagem profissional},
  year      = {2011}
}
