@book{bezerra02,
  author    = {Eduardo Bezerra},
  keywords  = {basica},
  publisher = {Campus},
  title     = {{Princ{\'\i}pios de an{\'a}lise e projeto de sistemas com UML}},
  year      = {2002}
}

@techreport{caelum,
  author        = {Caelum},
  keywords  = {complementar},
  institution   = {Caelum Ensino e Solu{\c c}{\~o}es em Java},
  note          = {\url{https://www.caelum.com.br/apostila/apostila-java-orientacao-objetos.pdf}},
  title         = {FJ-11 -- Java e Orienta{\c c}{\~a}o a Objetos},
  year          = {2008}
}

@book{cornell10,
  author    = {Cay S. Horstmann and Gary Cornell},
  edition   = {8},
  publisher = {Pearson},
  keywords  = {basica},
  title     = {{Core Java -- Volume I -- Fundamentos}},
  year      = {2010}
}

@book{craig,
  author    = {Craig Larman},
  note      = {\url{https://app.minhabiblioteca.com.br/books/9788577800476/}},
  publisher = {Bookman},
  keywords  = {complementar},
  title     = {Utilizando UML e padr√µes},
  year      = {2007}
}

@book{deitel03,
  author    = {Deitel, H.M. and Deitel, P.J.},
  edition   = {4},
  keywords  = {complementar},
  publisher = {Prentice Hall},
  title     = {{Java Como Programar}},
  year      = {2003}
}

@book{jacobson92,
  author    = {Ivar Jacbson and Magnus Christerson and Patrik Jonsson and Gunnar Overgaard},
  publisher = {Addison-Wesley},
  title     = {{Object-oriented software engineering: a use case driven approach}},
  year      = {1992}
}

@book{pressman,
  author    = {Roger S. Pressman},
  keywords  = {complementar},
  note      = {\url{https://app.minhabiblioteca.com.br/books/9788580555349/}},
  publisher = {Bookman},
  title     = {Engenharia de Software: uma abordagem profissional},
  year      = {2011}
}
